<?xml version="1.0" encoding="UTF-8"?><collection xmlns="http://www.loc.gov/MARC21/slim"><record><leader>00414nam--2200133-i-4500</leader><controlfield tag="001">000003562</controlfield><controlfield tag="002">20161230</controlfield><controlfield tag="005">20161230201025</controlfield><controlfield tag="008">060222s1000------------r-----000-0-eng-d</controlfield><datafield ind1=" " ind2=" " tag="080"><subfield code="a">621.396(021)=3</subfield></datafield><datafield ind1=" " ind2=" " tag="100"><subfield code="a">Benz (Friedrich)</subfield></datafield><datafield ind1=" " ind2=" " tag="245"><subfield code="a">Einfuhrung in die funktechnik.verstarkung, emp fang, sendung.vierte, stark...auflage.mit 705 textabbildungen</subfield></datafield><datafield ind1=" " ind2=" " tag="260"><subfield code="a">Wien, Springer-verlag, 1950. Xx + 736 P</subfield></datafield><datafield ind1=" " ind2=" " tag="852"><subfield code="a">723</subfield></datafield></record></collection>